@inproceedings{Khanna,
 author = {Khanna, Sanjeev and Kunal, Keshav and Pierce, Benjamin C.},
 title = {A formal investigation of Diff3},
 booktitle = {Proceedings of the 27th international conference on Foundations of software technology and theoretical computer science},
 series = {FSTTCS'07},
 year = {2007},
 isbn = {3-540-77049-6, 978-3-540-77049-7},
 location = {New Delhi, India},
 pages = {485--496},
 numpages = {12},
 url = {http://dl.acm.org/citation.cfm?id=1781794.1781836},
 acmid = {1781836},
 publisher = {Springer-Verlag},
 address = {Berlin, Heidelberg},
} 


@article{Lippe,
 author = {Lippe, Ernst and van Oosterom, Norbert},
 title = {Operation-based merging},
 journal = {SIGSOFT Softw. Eng. Notes},
 issue_date = {Dec. 1992},
 volume = {17},
 number = {5},
 month = nov,
 year = {1992},
 issn = {0163-5948},
 pages = {78--87},
 numpages = {10},
 url = {http://doi.acm.org/10.1145/142882.143753},
 doi = {10.1145/142882.143753},
 acmid = {143753},
 publisher = {ACM},
 address = {New York, NY, USA},
} 

@inproceedings{Freese,
 author = {Freese, Tammo},
 title = {Refactoring-aware version control},
 booktitle = {Proceedings of the 28th international conference on Software engineering},
 series = {ICSE '06},
 year = {2006},
 isbn = {1-59593-375-1},
 location = {Shanghai, China},
 pages = {953--956},
 numpages = {4},
 url = {http://doi.acm.org/10.1145/1134285.1134461},
 doi = {10.1145/1134285.1134461},
 acmid = {1134461},
 publisher = {ACM},
 address = {New York, NY, USA},
 keywords = {application programming interface, eclipse, library, refactoring, software evolution, subversion, version control},
} 

@INPROCEEDINGS{Hunt, 
author={Hunt, J.J. and Tichy, W.F.}, 
booktitle={Software Maintenance, 2002. Proceedings. International Conference on}, title={Extensible language-aware merging}, 
year={2002}, 
pages={511-520}, 
keywords={configuration management;merging;software development management;software maintenance;configuration management system;extensible language-aware merging;fast differencing algorithm;renaming analysis;revision control;software development;software maintenance;Algorithm design and analysis;Control systems;Interference;Merging;Programming;Software maintenance;Software standards;Standards development}, 
doi={10.1109/ICSM.2002.1167812}, 
ISSN={1063-6773},}

@article{Ekman,
 author = {Ekman, Torbj\"{o}rn and Asklund, Ulf},
 title = {Refactoring-aware versioning in Eclipse},
 journal = {Electron. Notes Theor. Comput. Sci.},
 issue_date = {December, 2004},
 volume = {107},
 month = dec,
 year = {2004},
 issn = {1571-0661},
 pages = {57--69},
 numpages = {13},
 url = {http://dx.doi.org/10.1016/j.entcs.2004.02.048},
 doi = {10.1016/j.entcs.2004.02.048},
 acmid = {1705883},
 publisher = {Elsevier Science Publishers B. V.},
 address = {Amsterdam, The Netherlands, The Netherlands},
 keywords = {Eclipse, Merge, Refactoring, Software Configuration Management, Versioning},
} 